@inproceedings{HongKu81,
 author = {Jia-Wei, Hong and Kung, H. T.},
 title = {I/O Complexity: The Red-blue Pebble Game},
 booktitle = {Proceedings of the Thirteenth Annual ACM Symposium on Theory of Computing},
 series = {STOC '81},
 year = {1981},
 location = {Milwaukee, Wisconsin, USA},
 pages = {326--333},
 numpages = {8},
 url = {http://doi.acm.org/10.1145/800076.802486},
 doi = {10.1145/800076.802486},
 acmid = {802486},
 publisher = {ACM},
 address = {New York, NY, USA},
} 

@inproceedings{CLNV15,
  author    = {Siu Man Chan and
               Massimo Lauria and
               Jakob Nordstr{\"{o}}m and
               Marc Vinyals},
  title     = {Hardness of Approximation in {PSPACE} and Separation Results for Pebble
               Games},
  booktitle = {{IEEE} 56th Annual Symposium on Foundations of Computer Science, {FOCS}
               2015, Berkeley, CA, USA, 17-20 October, 2015},
  pages     = {466--485},
  year      = {2015},
  crossref  = {DBLP:conf/focs/2015},
  url       = {http://dx.doi.org/10.1109/FOCS.2015.36},
  doi       = {10.1109/FOCS.2015.36},
  timestamp = {Mon, 04 Jan 2016 13:44:40 +0100},
  biburl    = {http://dblp.uni-trier.de/rec/bib/conf/focs/ChanLNV15},
  bibsource = {dblp computer science bibliography, http://dblp.org}
}

@book{GJ90,
 author = {Garey, Michael R. and Johnson, David S.},
 title = {Computers and Intractability; A Guide to the Theory of NP-Completeness},
 year = {1990},
 isbn = {0716710455},
 publisher = {W. H. Freeman \& Co.},
 address = {New York, NY, USA},
} 


@inproceedings{GilbertLenTar79,
 author = {Gilbert, John R. and Lengauer, Thomas and Tarjan, Robert Endre},
 title = {The Pebbling Problem is Complete in Polynomial Space},
 booktitle = {Proceedings of the Eleventh Annual ACM Symposium on Theory of Computing},
 series = {STOC '79},
 year = {1979},
 location = {Atlanta, Georgia, USA},
 pages = {237--248},
 numpages = {12},
 url = {http://doi.acm.org/10.1145/800135.804418},
 doi = {10.1145/800135.804418},
 acmid = {804418},
 publisher = {ACM},
 address = {New York, NY, USA},
 keywords = {Computational complexity, P-space completeness, Pebbling, Register allocation},
} 

@article{Sethi75,
  author    = {Ravi Sethi},
  title     = {Complete Register Allocation Problems},
  journal   = {{SIAM} J. Comput.},
  volume    = {4},
  number    = {3},
  pages     = {226--248},
  year      = {1975},
  url       = {http://dx.doi.org/10.1137/0204020},
  doi       = {10.1137/0204020},
  timestamp = {Tue, 01 Feb 2011 14:01:05 +0100},
  biburl    = {http://dblp.uni-trier.de/rec/bib/journals/siamcomp/Sethi75},
  bibsource = {dblp computer science bibliography, http://dblp.org}
}

@article{DF95,
 author = {Downey, Rod G. and Fellows, Michael R.},
 title = {Fixed-parameter Tractability and Completeness II: On Completeness for W[1]},
 journal = {Theor. Comput. Sci.},
 issue_date = {April 17, 1995},
 volume = {141},
 number = {1-2},
 month = apr,
 year = {1995},
 issn = {0304-3975},
 pages = {109--131},
 numpages = {23},
 url = {http://dx.doi.org/10.1016/0304-3975(94)00097-3},
 doi = {10.1016/0304-3975(94)00097-3},
 acmid = {202290},
 publisher = {Elsevier Science Publishers Ltd.},
 address = {Essex, UK},
} 

@inproceedings{Coo74,
 author = {Cook, Stephen A.},
 title = {An Observation on Time-storage Trade off},
 booktitle = {Proceedings of the Fifth Annual ACM Symposium on Theory of Computing},
 series = {STOC '73},
 year = {1973},
 location = {Austin, Texas, USA},
 pages = {29--33},
 numpages = {5},
 url = {http://doi.acm.org/10.1145/800125.804032},
 doi = {10.1145/800125.804032},
 acmid = {804032},
 publisher = {ACM},
 address = {New York, NY, USA},
} 

@unpublished{Nor15, 
author = {Nordstrom, Jakob},
title = {New Wine into Old Wineskins: A Survey of Some Pebbling Classics with Supplemental Results},
year = {2015}
}

@INPROCEEDINGS{CLNV15, 
author={S. M. Chan and M. Lauria and J. Nordstrom and M. Vinyals}, 
booktitle={Foundations of Computer Science (FOCS), 2015 IEEE 56th Annual Symposium on}, 
title={Hardness of Approximation in PSPACE and Separation Results for Pebble Games}, 
year={2015}, 
pages={466-485}, 
keywords={computational complexity;game theory;graph theory;DAG;Dymond-Tompa games;PSPACE-complete;PSPACE-hard;Raz-McKenzie games;approximation hardness;graph product constructions;multiplicative bound;multiplicative logarithmic separation;pebble games;reversible pebbling;reversible pebbling space;separation results;Additives;Approximation methods;Complexity theory;Computer science;Games;Polynomials;Standards;Dymond-Tompa game;PSPACE-complete;PSPACE-hardness of approximation;Raz-Mc Kenzie game;pebbling;resolution depth;reversible pebbling;separation}, 
doi={10.1109/FOCS.2015.36}, 
ISSN={0272-5428}, 
month={Oct}}

@Inbook{EL79,
author="Emde Boas, Peter
and Leeuwen, Jan",
editor="Weihrauch, K.",
chapter="Move rules and trade-offs in the pebble game",
title="Theoretical Computer Science 4th GI Conference: Aachen, March 26--28, 1979",
year="1979",
publisher="Springer Berlin Heidelberg",
address="Berlin, Heidelberg",
pages="101--112",
isbn="978-3-540-35517-5",
doi="10.1007/3-540-09118-1_12",
url="http://dx.doi.org/10.1007/3-540-09118-1_12"
}

@inproceedings{KAI78,
 author = {Kasai, T. and Adachi, A. and Iwata, S.},
 title = {Classes of Pebble Games and Complete Problems},
 booktitle = {Proceedings of the 1978 Annual Conference - Volume 2},
 series = {ACM '78},
 year = {1978},
 isbn = {0-89791-000-1},
 pages = {914--918},
 numpages = {5},
 url = {http://doi.acm.org/10.1145/800178.810161},
 doi = {10.1145/800178.810161},
 acmid = {810161},
 publisher = {ACM},
 address = {New York, NY, USA},
 keywords = {Exponential time, Log-space, NP, Pebble game, Polynomial space, Polynomial time, Turing machine, Two-person game, Winning strategy},
} 

@book{Flum06,
 author = {Flum, J. and Grohe, M.},
 title = {Parameterized Complexity Theory (Texts in Theoretical Computer Science. An EATCS Series)},
 year = {2006},
 isbn = {3540299521},
 publisher = {Springer-Verlag New York, Inc.},
 address = {Secaucus, NJ, USA},
} 

@article{HP10,
 author = {Hertel, Philipp and Pitassi, Toniann},
 title = {The PSPACE-Completeness of Black-White Pebbling},
 journal = {SIAM J. Comput.},
 issue_date = {March 2010},
 volume = {39},
 number = {6},
 month = apr,
 year = {2010},
 issn = {0097-5397},
 pages = {2622--2682},
 numpages = {61},
 url = {http://dx.doi.org/10.1137/080713513},
 doi = {10.1137/080713513},
 acmid = {1958054},
 publisher = {Society for Industrial and Applied Mathematics},
 address = {Philadelphia, PA, USA},
 keywords = {PSPACE-completeness, black pebbling, black-white pebbling, complexity, pebbling},
} 

@article{DowFel95,
 author = {Downey, Rod G. and Fellows, Michael R.},
 title = {Fixed-parameter Tractability and Completeness II: On Completeness for W[1]},
 journal = {Theor. Comput. Sci.},
 issue_date = {April 17, 1995},
 volume = {141},
 number = {1-2},
 month = apr,
 year = {1995},
 issn = {0304-3975},
 pages = {109--131},
 numpages = {23},
 url = {http://dx.doi.org/10.1016/0304-3975(94)00097-3},
 doi = {10.1016/0304-3975(94)00097-3},
 acmid = {202290},
 publisher = {Elsevier Science Publishers Ltd.},
 address = {Essex, UK},
} 

@article{Chan13,
  author    = {Siu Man Chan},
  title     = {Just a Pebble Game},
  journal   = {Electronic Colloquium on Computational Complexity {(ECCC)}},
  volume    = {20},
  pages     = {42},
  year      = {2013},
  url       = {http://eccc.hpi-web.de/report/2013/042},
  timestamp = {Wed, 17 Apr 2013 15:39:44 +0200},
  biburl    = {http://dblp.uni-trier.de/rec/bib/journals/eccc/Chan13},
  bibsource = {dblp computer science bibliography, http://dblp.org}
}

@techreport{GT78,
 author = {Gilbert, John R. and Tarjan, Robert E},
 title = {Variations of a Pebble Game on Graphs},
 year = {1978},
 source = {http://www.ncstrl.org:8900/ncstrl/servlet/search?formname=detail\&id=oai%3Ancstrlh%3Astan%3ASTAN%2F%2FCS-TR-78-661},
 publisher = {Stanford University},
 address = {Stanford, CA, USA},
}

@article{AV88,
 author = {Aggarwal, Alok and Vitter, Jeffrey,S.},
 title = {The Input/Output Complexity of Sorting and Related Problems},
 journal = {Commun. ACM},
 issue_date = {Sept. 1988},
 volume = {31},
 number = {9},
 month = sep,
 year = {1988},
 issn = {0001-0782},
 pages = {1116--1127},
 numpages = {12},
 url = {http://doi.acm.org/10.1145/48529.48535},
 doi = {10.1145/48529.48535},
 acmid = {48535},
 publisher = {ACM},
 address = {New York, NY, USA},
} 

@inproceedings{CookSethi74,
 author = {Cook, Stephen and Sethi, Ravi},
 title = {Storage Requirements for Deterministic / Polynomial Time Recognizable Languages},
 booktitle = {Proceedings of the Sixth Annual ACM Symposium on Theory of Computing},
 series = {STOC '74},
 year = {1974},
 location = {Seattle, Washington, USA},
 pages = {33--39},
 numpages = {7},
 url = {http://doi.acm.org/10.1145/800119.803882},
 doi = {10.1145/800119.803882},
 acmid = {803882},
 publisher = {ACM},
 address = {New York, NY, USA},
}  

@article{Bennett89,
 author = {Bennett, Charles H.},
 title = {Time/Space Trade-offs for Reversible Computation},
 journal = {SIAM J. Comput.},
 issue_date = {Aug. 1989},
 volume = {18},
 number = {4},
 month = aug,
 year = {1989},
 issn = {0097-5397},
 pages = {766--776},
 numpages = {11},
 url = {http://dx.doi.org/10.1137/0218053},
 doi = {10.1137/0218053},
 acmid = {73186},
 publisher = {Society for Industrial and Applied Mathematics},
 address = {Philadelphia, PA, USA},
}

@incollection{PH70,
 author = {Paterson, Michael S. and Hewitt, Carl E.},
 chapter = {Comparative Schematology},
 title = {Record of the Project MAC Conference on Concurrent Systems and Parallel Computation},
 editor = {Dennis, Jack B.},
 year = {1970},
 pages = {119--127},
 numpages = {9},
 url = {http://doi.acm.org/10.1145/1344551.1344563},
 doi = {10.1145/1344551.1344563},
 acmid = {1344563},
 publisher = {ACM},
 address = {New York, NY, USA},
} 

@inproceedings{PTC76,
 author = {Paul, Wolfgang J. and Tarjan, Robert Endre and Celoni, James R.},
 title = {Space Bounds for a Game on Graphs},
 booktitle = {Proceedings of the Eighth Annual ACM Symposium on Theory of Computing},
 series = {STOC '76},
 year = {1976},
 location = {Hershey, Pennsylvania, USA},
 pages = {149--160},
 numpages = {12},
 url = {http://doi.acm.org/10.1145/800113.803643},
 doi = {10.1145/800113.803643},
 acmid = {803643},
 publisher = {ACM},
 address = {New York, NY, USA},
 keywords = {Pebble game, Register allocation, Space bounds, Turing machines},
} 

@article{Hopcroft77,
 author = {Hopcroft, John and Paul, Wolfgang and Valiant, Leslie},
 title = {On Time Versus Space},
 journal = {J. ACM},
 issue_date = {April 1977},
 volume = {24},
 number = {2},
 month = apr,
 year = {1977},
 issn = {0004-5411},
 pages = {332--337},
 numpages = {6},
 url = {http://doi.acm.org/10.1145/322003.322015},
 doi = {10.1145/322003.322015},
 acmid = {322015},
 publisher = {ACM},
 address = {New York, NY, USA},
} 

@article{DymondTom85,
title = "Speedups of deterministic machines by synchronous parallel machines",
journal = "Journal of Computer and System Sciences",
volume = "30",
number = "2",
pages = "149 - 161",
year = "1985",
note = "",
issn = "0022-0000",
doi = "http://dx.doi.org/10.1016/0022-0000(85)90011-X",
url = "http://www.sciencedirect.com/science/article/pii/002200008590011X",
author = "Patrick W. Dymond and Martin Tompa",
abstract = "This paper presents the new speedups DTIME(T)⊆ATIME(T/log T) and DTIME(T)⊆ PRAM-time(√T). These improve the results of Hopcroft, Paul, and Valiant (J. Assoc. Comput. Mach. 24 (1977), 332–337) that DTIME(T)⊆DSPACE(T/logT), and of Paul and Reichuk (Acta Inform. 14 (1980), 391–403) that DTIME(T)⊆ATIME((T log log T)log T). the new approach unifies not only these two previous results, but also the result of Paterson and Valiant (Theoret. Comput. Sci. 2 (1976), 397–400) that Size(T)⊆Depth(O(T/log T))."
}

@inproceedings{APW12,
  author    = {Per Austrin and
               Toniann Pitassi and
               Yu Wu},
  title     = {Inapproximability of Treewidth, One-Shot Pebbling, and Related Layout
               Problems},
  booktitle = {Approximation, Randomization, and Combinatorial Optimization. Algorithms
               and Techniques - 15th International Workshop, {APPROX} 2012, and 16th
               International Workshop, {RANDOM} 2012, Cambridge, MA, USA, August
               15-17, 2012. Proceedings},
  pages     = {13--24},
  year      = {2012},
  crossref  = {DBLP:conf/approx/2012},
  url       = {http://dx.doi.org/10.1007/978-3-642-32512-0_2},
  doi       = {10.1007/978-3-642-32512-0_2},
  timestamp = {Sun, 12 Aug 2012 19:11:48 +0200},
  biburl    = {http://dblp.uni-trier.de/rec/bib/conf/approx/AustrinPW12},
  bibsource = {dblp computer science bibliography, http://dblp.org}
}

@inproceedings{CRSS16,
  author    = {Timothy Carpenter and
               Fabrice Rastello and
               P. Sadayappan and
               Anastasios Sidiropoulos},
  title     = {Brief Announcement: Approximating the {I/O} Complexity of One-Shot
               Red-Blue Pebbling},
  booktitle = {Proceedings of the 28th {ACM} Symposium on Parallelism in Algorithms
               and Architectures, {SPAA} 2016, Asilomar State Beach/Pacific Grove,
               CA, USA, July 11-13, 2016},
  pages     = {161--163},
  year      = {2016},
  crossref  = {DBLP:conf/spaa/2016},
  url       = {http://doi.acm.org/10.1145/2935764.2935807},
  doi       = {10.1145/2935764.2935807},
  timestamp = {Sun, 10 Jul 2016 20:18:26 +0200},
  biburl    = {http://dblp2.uni-trier.de/rec/bib/conf/spaa/CarpenterRSS16},
  bibsource = {dblp computer science bibliography, http://dblp.org}
}

@article{BFT09,
title = "Derivation of algorithms for cutwidth and related graph layout parameters",
journal = "Journal of Computer and System Sciences",
volume = "75",
number = "4",
pages = "231 - 244",
year = "2009",
note = "",
issn = "0022-0000",
doi = "http://dx.doi.org/10.1016/j.jcss.2008.10.003",
url = "http://www.sciencedirect.com/science/article/pii/S0022000008001001",
author = "Hans L. Bodlaender and Michael R. Fellows and Dimitrios M. Thilikos"
}